@inproceedings{flash_0,
	author = {F0xMaster},
	title = {"Ninebot IAP guide - how to flash your scooter with a cable"},
	year = {2020},
	url = {https://www.scooterhacking.org/forum/viewtopic.php?t=252},
} 

@misc{wiki:ble,
	author = "{Wikipedia contributors}",
	title = "Bluetooth Low Energy --- {Wikipedia}{,} The Free Encyclopedia",
	year = "2018",
	url = "https://it.wikipedia.org/wiki/Bluetooth_Low_Energy",
}


@misc{wiki:hack_ble,
	author = "{Attify}",
	title = "Hacking BLE",
	year = "2019",
	url = "http://www.blog.attify.com/the-practical-guide-to-hacking-bluetooth-low-energy",
}

@misc{wiki:zimperium,
	author = "{Rani Idan}",
	title = "Don’t Give Me a Brake – Xiaomi Scooter Hack Enables Dangerous Accelerations and Stops for Unsuspecting Riders",
	year = "Feb 12 2019",
	url = "https://blog.zimperium.com/dont-give-me-a-brake-xiaomi-scooter-hack-enables-dangerous-accelerations-and-stops-for-unsuspecting-riders/",
}

@misc{wiki:nordic,
	author = "{Nordic Semiconductor}",
	title = "Nordic Semiconductor Infocenter",
	year = "2021-07-30",
	url = "https://infocenter.nordicsemi.com/topic/struct_nrf51/struct/nrf51.html",
}

@misc{wiki:armv7,
	author = "{ARM DDI}",
	title = "ARM®v7-M Architecture Reference Manual",
	year = "2006",
	url = "https://web.eecs.umich.edu/~prabal/teaching/eecs373-f10/readings/ARMv7-M_ARM.pdf",
}

@misc{wiki:stm,
	author = "{STMicroelectronics}",
	title = "STM32 ST-LINK utility",
	year = "2019",
	url = "https://www.st.com/en/development-tools/stsw-link004.html",
}


@misc{wiki:stm2,
	author = "{STMicroelectronics}",
	title = "Mainstream Performance line, Arm Cortex-M3 MCU with 64 Kbytes of Flash memory, 72 MHz CPU, motor control, USB and CAN",
	year = "2019",
	url = "https://www.st.com/en/microcontrollers-microprocessors/stm32f103c8.html",
}


@misc{wiki:github,
	author = "{etransport}",
	title = "ES2ESC",
	year = "6 Jan 2019",
	url = "https://github.com/etransport/ninebot-docs/wiki/ES2ESC",
}


@misc{wiki:schacking,
	author = "{ScooterHacking.org}",
	title = "Ninebot scooters communication protocol",
	year = "2021-04-11",
	url = "https://wiki.scooterhacking.org/doku.php?id=nbdocs",
}

@misc{wiki:monita,
	author = "{monopattinoitalia.it}",
	title = "Miglior firmware Xiaomi V2",
	year = "12 Nov 2020",
	url = "https://www.monopattinoitalia.it/miglior-firmware-xiaomi-v2/",
}

@misc{wiki:thor,
	author = "{Chengdu PixelCyber Network Technology Co., Ltd.}",
	title = "Thor HTTP Sniffer/Capture",
	year = "13 Jun 2020",
	url = "https://apps.apple.com/us/app/thor-http-sniffer-capture/id1210562295",
}

@misc{wiki:wibree,
    author = "{Wibree}",
	url = "https://www.classicistranieri.com/it/articles/w/i/b/Wibree.html",
}

@misc{wiki:bettercap,
	author = "{Simone 'evilsocket' Margaritelli}",
	title = "::bettercap",
	year = "2016",
	url = "https://www.bettercap.org",
}

@misc{wiki:gattool,
	author = "{Nobuhiro Iwamatsu}",
	title = "gattool",
	year = "2010",
	url = "http://manpages.ubuntu.com/manpages/cosmic/man1/gatttool.1.html",
}

@misc{wiki:hcitool,
	author = "{Maxim Krasnyansky and Marcel Holtmann }",
	title = "hcitool",
	year = "2017",
	url = "https://linux.die.net/man/1/hcitool",
}

@misc{wiki:m365,
	author = "{eMobility}",
	title = "m365 Tools per m365/Pro/1S/Pro2, G30, ES and more",
	year = "2018",
	url = "https://linux.die.net/man/1/hcitool",
}

@misc{wiki:wireshark,
	author = "{Gerald Combs}",
	title = "Wireshark",
	year = "1998",
	url = "http://wireshark.org",
}

@misc{wiki:ghidra,
	author = "{NSA}",
	title = "Ghidra",
	year = "August 6, 2021",
	url = "https://ghidra-sre.org",
}


@misc{wiki:companion,
	author = "{KToffel and Schorlescooter}",
	title = "Scooter Companion",
	year = "2021",
	url = "https://scootercompanion.github.io",
}